[
    {
        "date": "2020-09-26",
        "symbol": "AAPL",
        "fillingDate": "2020-10-30",
        "acceptedDate": "2020-10-29 18:06:25",
        "period": "FY",
        "revenue": 274515000000,
        "costOfRevenue": 169559000000,
        "grossProfit": 104956000000,
        "grossProfitRatio": 0.382332477278109,
        "researchAndDevelopmentExpenses": 18752000000,
        "generalAndAdministrativeExpenses": 19916000000,
        "sellingAndMarketingExpenses": 0.0,
        "otherExpenses": 803000000,
        "operatingExpenses": 38668000000,
        "costAndExpenses": 208227000000,
        "interestExpense": 0.0,
        "depreciationAndAmortization": 11056000000,
        "ebitda": 77344000000,
        "ebitdaratio": 0.281747809773601,
        "operatingIncome": 66288000000,
        "operatingIncomeRatio": 0.241473143544069,
        "totalOtherIncomeExpensesNet": 803000000,
        "incomeBeforeTax": 67091000000,
        "incomeBeforeTaxRatio": 0.244398302460703,
        "incomeTaxExpense": 9680000000,
        "netIncome": 57411000000,
        "netIncomeRatio": 0.209136112780722,
        "eps": 3.31,
        "epsdiluted": 3.28,
        "weightedAverageShsOut": 17352119000,
        "weightedAverageShsOutDil": 17528214000,
        "link": "https://www.sec.gov/Archives/edgar/data/320193/000032019320000096/0000320193-20-000096-index.htm",
        "finalLink": "https://www.sec.gov/Archives/edgar/data/320193/000032019320000096/aapl-20200926.htm"
    },
    {
        "date": "2019-09-28",
        "symbol": "AAPL",
        "fillingDate": "2019-10-31 00:00:00",
        "acceptedDate": "2019-10-30 18:12:36",
        "period": "FY",
        "revenue": 260174000000,
        "costOfRevenue": 161782000000,
        "grossProfit": 98392000000,
        "grossProfitRatio": 0.378178,
        "researchAndDevelopmentExpenses": 16217000000,
        "generalAndAdministrativeExpenses": 18245000000,
        "sellingAndMarketingExpenses": 0.0,
        "otherExpenses": 1807000000,
        "operatingExpenses": 34462000000,
        "costAndExpenses": 196244000000,
        "interestExpense": 3576000000,
        "depreciationAndAmortization": 12547000000,
        "ebitda": 81860000000,
        "ebitdaratio": 0.314636,
        "operatingIncome": 63930000000,
        "operatingIncomeRatio": 0.24572,
        "totalOtherIncomeExpensesNet": 422000000,
        "incomeBeforeTax": 65737000000,
        "incomeBeforeTaxRatio": 0.252666,
        "incomeTaxExpense": 10481000000,
        "netIncome": 55256000000,
        "netIncomeRatio": 0.212381,
        "eps": 2.97145,
        "epsdiluted": 2.97145,
        "weightedAverageShsOut": 18595652000,
        "weightedAverageShsOutDil": 18595652000,
        "link": "https://www.sec.gov/Archives/edgar/data/320193/000032019319000119/0000320193-19-000119-index.html",
        "finalLink": "https://www.sec.gov/Archives/edgar/data/320193/000032019319000119/a10-k20199282019.htm"
    },
    {
        "date": "2018-09-29",
        "symbol": "AAPL",
        "fillingDate": "2018-11-05 00:00:00",
        "acceptedDate": "2018-11-05 08:01:40",
        "period": "FY",
        "revenue": 265595000000,
        "costOfRevenue": 163756000000,
        "grossProfit": 101839000000,
        "grossProfitRatio": 0.383437,
        "researchAndDevelopmentExpenses": 14236000000,
        "generalAndAdministrativeExpenses": 16705000000,
        "sellingAndMarketingExpenses": 0.0,
        "otherExpenses": 2005000000,
        "operatingExpenses": 30941000000,
        "costAndExpenses": 194697000000,
        "interestExpense": 3240000000,
        "depreciationAndAmortization": 10903000000,
        "ebitda": 85546000000,
        "ebitdaratio": 0.322092,
        "operatingIncome": 70898000000,
        "operatingIncomeRatio": 0.26694,
        "totalOtherIncomeExpensesNet": -441000000,
        "incomeBeforeTax": 72903000000,
        "incomeBeforeTaxRatio": 0.274489,
        "incomeTaxExpense": 11872000000,
        "netIncome": 59531000000,
        "netIncomeRatio": 0.224142,
        "eps": 2.97649,
        "epsdiluted": 2.97649,
        "weightedAverageShsOut": 20000436000,
        "weightedAverageShsOutDil": 20000436000,
        "link": "https://www.sec.gov/Archives/edgar/data/320193/000032019318000145/0000320193-18-000145-index.html",
        "finalLink": "https://www.sec.gov/Archives/edgar/data/320193/000032019318000145/a10-k20189292018.htm"
    },
    {
        "date": "2017-09-30",
        "symbol": "AAPL",
        "fillingDate": "2017-11-03 00:00:00",
        "acceptedDate": "2017-11-03 08:01:37",
        "period": "FY",
        "revenue": 229234000000,
        "costOfRevenue": 141048000000,
        "grossProfit": 88186000000,
        "grossProfitRatio": 0.38469860491899105,
        "researchAndDevelopmentExpenses": 11581000000,
        "generalAndAdministrativeExpenses": 15261000000,
        "sellingAndMarketingExpenses": 0.0,
        "otherExpenses": -133000000,
        "operatingExpenses": 0.0,
        "costAndExpenses": 167890000000,
        "interestExpense": 2323000000,
        "depreciationAndAmortization": 0.0,
        "ebitda": 76569000000,
        "ebitdaratio": 0.33402113124580124,
        "operatingIncome": 61344000000,
        "operatingIncomeRatio": 0.27957894553164014,
        "totalOtherIncomeExpensesNet": -133000000,
        "incomeBeforeTax": 64089000000,
        "incomeBeforeTaxRatio": 0.27957894553164014,
        "incomeTaxExpense": 15738000000,
        "netIncome": 48351000000,
        "netIncomeRatio": 0.21092420845075338,
        "eps": 2.3175,
        "epsdiluted": 2.3025,
        "weightedAverageShsOut": 20868968000,
        "weightedAverageShsOutDil": 21006768000,
        "link": "https://www.sec.gov/Archives/edgar/data/320193/000032019317000070/0000320193-17-000070-index.html",
        "finalLink": "https://www.sec.gov/Archives/edgar/data/320193/000032019317000070/a10-k20179302017.htm"
    },
    {
        "date": "2016-09-24",
        "symbol": "AAPL",
        "fillingDate": "2016-10-26 00:00:00",
        "acceptedDate": "2016-10-26 16:42:16",
        "period": "FY",
        "revenue": 215639000000,
        "costOfRevenue": 131376000000,
        "grossProfit": 84263000000,
        "grossProfitRatio": 0.39076,
        "researchAndDevelopmentExpenses": 10045000000,
        "generalAndAdministrativeExpenses": 14194000000,
        "sellingAndMarketingExpenses": 0.0,
        "otherExpenses": 1348000000,
        "operatingExpenses": 24239000000,
        "costAndExpenses": 155615000000,
        "interestExpense": 1456000000,
        "depreciationAndAmortization": 10505000000,
        "ebitda": 73333000000,
        "ebitdaratio": 0.340073,
        "operatingIncome": 60024000000,
        "operatingIncomeRatio": 0.278354,
        "totalOtherIncomeExpensesNet": -1195000000,
        "incomeBeforeTax": 61372000000,
        "incomeBeforeTaxRatio": 0.284605,
        "incomeTaxExpense": 15685000000,
        "netIncome": 45687000000,
        "netIncomeRatio": 0.211868,
        "eps": 2.07658,
        "epsdiluted": 2.07658,
        "weightedAverageShsOut": 22001124000,
        "weightedAverageShsOutDil": 22001124000,
        "link": "https://www.sec.gov/Archives/edgar/data/320193/000162828016020309/0001628280-16-020309-index.html",
        "finalLink": "https://www.sec.gov/Archives/edgar/data/320193/000162828016020309/a201610-k9242016.htm"
    },
    {
        "date": "2015-09-26",
        "symbol": "AAPL",
        "fillingDate": "2015-10-28 00:00:00",
        "acceptedDate": "2015-10-28 16:31:09",
        "period": "FY",
        "revenue": 233715000000,
        "costOfRevenue": 140089000000,
        "grossProfit": 93626000000,
        "grossProfitRatio": 0.400599,
        "researchAndDevelopmentExpenses": 8067000000,
        "generalAndAdministrativeExpenses": 14329000000,
        "sellingAndMarketingExpenses": 0.0,
        "otherExpenses": 1285000000,
        "operatingExpenses": 22396000000,
        "costAndExpenses": 162485000000,
        "interestExpense": 733000000,
        "depreciationAndAmortization": 11257000000,
        "ebitda": 84505000000,
        "ebitdaratio": 0.361573,
        "operatingIncome": 71230000000,
        "operatingIncomeRatio": 0.304773,
        "totalOtherIncomeExpensesNet": -903000000,
        "incomeBeforeTax": 72515000000,
        "incomeBeforeTaxRatio": 0.310271,
        "incomeTaxExpense": 19121000000,
        "netIncome": 53394000000,
        "netIncomeRatio": 0.228458,
        "eps": 2.30422,
        "epsdiluted": 2.30422,
        "weightedAverageShsOut": 23172276000,
        "weightedAverageShsOutDil": 23172276000,
        "link": "https://www.sec.gov/Archives/edgar/data/320193/000119312515356351/0001193125-15-356351-index.html",
        "finalLink": "https://www.sec.gov/Archives/edgar/data/320193/000119312515356351/d17062d10k.htm"
    },
    {
        "date": "2014-09-27",
        "symbol": "AAPL",
        "fillingDate": "2014-10-27 00:00:00",
        "acceptedDate": "2014-10-27 17:11:55",
        "period": "FY",
        "revenue": 182795000000,
        "costOfRevenue": 112258000000,
        "grossProfit": 70537000000,
        "grossProfitRatio": 0.38588,
        "researchAndDevelopmentExpenses": 6041000000,
        "generalAndAdministrativeExpenses": 11993000000,
        "sellingAndMarketingExpenses": 0.0,
        "otherExpenses": 980000000,
        "operatingExpenses": 18034000000,
        "costAndExpenses": 130292000000,
        "interestExpense": 384000000,
        "depreciationAndAmortization": 7946000000,
        "ebitda": 61813000000,
        "ebitdaratio": 0.338155,
        "operatingIncome": 52503000000,
        "operatingIncomeRatio": 0.287223,
        "totalOtherIncomeExpensesNet": -311000000,
        "incomeBeforeTax": 53483000000,
        "incomeBeforeTaxRatio": 0.292585,
        "incomeTaxExpense": 13973000000,
        "netIncome": 39510000000,
        "netIncomeRatio": 0.216144,
        "eps": 1.61318,
        "epsdiluted": 1.61318,
        "weightedAverageShsOut": 24492000000,
        "weightedAverageShsOutDil": 24492000000,
        "link": "https://www.sec.gov/Archives/edgar/data/320193/000119312514383437/0001193125-14-383437-index.html",
        "finalLink": "https://www.sec.gov/Archives/edgar/data/320193/000119312514383437/d783162d10k.htm"
    },
    {
        "date": "2013-09-28",
        "symbol": "AAPL",
        "fillingDate": "2013-10-30 00:00:00",
        "acceptedDate": "2013-10-29 20:38:28",
        "period": "FY",
        "revenue": 170910000000,
        "costOfRevenue": 106606000000,
        "grossProfit": 64304000000,
        "grossProfitRatio": 0.376245,
        "researchAndDevelopmentExpenses": 4475000000,
        "generalAndAdministrativeExpenses": 10830000000,
        "sellingAndMarketingExpenses": 0.0,
        "otherExpenses": 1156000000,
        "operatingExpenses": 15305000000,
        "costAndExpenses": 121911000000,
        "interestExpense": 136000000,
        "depreciationAndAmortization": 6757000000,
        "ebitda": 57048000000,
        "ebitdaratio": 0.33379,
        "operatingIncome": 48999000000,
        "operatingIncomeRatio": 0.286695,
        "totalOtherIncomeExpensesNet": -24000000,
        "incomeBeforeTax": 50155000000,
        "incomeBeforeTaxRatio": 0.293459,
        "incomeTaxExpense": 13118000000,
        "netIncome": 37037000000,
        "netIncomeRatio": 0.216705,
        "eps": 1.41969,
        "epsdiluted": 1.41969,
        "weightedAverageShsOut": 26088000000,
        "weightedAverageShsOutDil": 26088000000,
        "link": "https://www.sec.gov/Archives/edgar/data/320193/000119312513416534/0001193125-13-416534-index.html",
        "finalLink": "https://www.sec.gov/Archives/edgar/data/320193/000119312513416534/d590790d10k.htm"
    },
    {
        "date": "2012-09-29",
        "symbol": "AAPL",
        "fillingDate": "2012-10-31 00:00:00",
        "acceptedDate": "2012-10-31 17:07:19",
        "period": "FY",
        "revenue": 156508000000,
        "costOfRevenue": 87846000000,
        "grossProfit": 68662000000,
        "grossProfitRatio": 0.438712,
        "researchAndDevelopmentExpenses": 3381000000,
        "generalAndAdministrativeExpenses": 10040000000,
        "sellingAndMarketingExpenses": 0.0,
        "otherExpenses": 522000000,
        "operatingExpenses": 13421000000,
        "costAndExpenses": 101267000000,
        "interestExpense": 1088000000,
        "depreciationAndAmortization": 3277000000,
        "ebitda": 60128000000,
        "ebitdaratio": 0.384185,
        "operatingIncome": 55241000000,
        "operatingIncomeRatio": 0.35296,
        "totalOtherIncomeExpensesNet": -566000000,
        "incomeBeforeTax": 55763000000,
        "incomeBeforeTaxRatio": 0.356295,
        "incomeTaxExpense": 14030000000,
        "netIncome": 41733000000,
        "netIncomeRatio": 0.266651,
        "eps": 1.57673,
        "epsdiluted": 1.57673,
        "weightedAverageShsOut": 26468000000,
        "weightedAverageShsOutDil": 26468000000,
        "link": "https://www.sec.gov/Archives/edgar/data/320193/000119312512444068/0001193125-12-444068-index.html",
        "finalLink": "https://www.sec.gov/Archives/edgar/data/320193/000119312512444068/d411355d10k.htm"
    },
    {
        "date": "2011-09-24",
        "symbol": "AAPL",
        "fillingDate": "2011-10-26 00:00:00",
        "acceptedDate": "2011-10-26 16:35:25",
        "period": "FY",
        "revenue": 108249000000,
        "costOfRevenue": 64431000000,
        "grossProfit": 43818000000,
        "grossProfitRatio": 0.404789,
        "researchAndDevelopmentExpenses": 2429000000,
        "generalAndAdministrativeExpenses": 7599000000,
        "sellingAndMarketingExpenses": 0.0,
        "otherExpenses": 415000000,
        "operatingExpenses": 10028000000,
        "costAndExpenses": 74459000000,
        "interestExpense": 519000000,
        "depreciationAndAmortization": 1814000000,
        "ebitda": 36538000000,
        "ebitdaratio": 0.337537,
        "operatingIncome": 33790000000,
        "operatingIncomeRatio": 0.312151,
        "totalOtherIncomeExpensesNet": -104000000,
        "incomeBeforeTax": 34205000000,
        "incomeBeforeTaxRatio": 0.315984,
        "incomeTaxExpense": 8283000000,
        "netIncome": 25922000000,
        "netIncomeRatio": 0.239466,
        "eps": 0.98833,
        "epsdiluted": 0.98833,
        "weightedAverageShsOut": 26228000000,
        "weightedAverageShsOutDil": 26228000000,
        "link": "https://www.sec.gov/Archives/edgar/data/320193/000119312511282113/0001193125-11-282113-index.html",
        "finalLink": "https://www.sec.gov/Archives/edgar/data/320193/000119312511282113/d220209d10k.htm"
    },
    {
        "date": "2010-09-25",
        "symbol": "AAPL",
        "fillingDate": "2010-10-27 00:00:00",
        "acceptedDate": "2010-10-27 16:36:21",
        "period": "FY",
        "revenue": 65225000000,
        "costOfRevenue": 39541000000,
        "grossProfit": 25684000000,
        "grossProfitRatio": 0.393775,
        "researchAndDevelopmentExpenses": 1782000000,
        "generalAndAdministrativeExpenses": 5517000000,
        "sellingAndMarketingExpenses": 0.0,
        "otherExpenses": 155000000,
        "operatingExpenses": 7299000000,
        "costAndExpenses": 46840000000,
        "interestExpense": 311000000,
        "depreciationAndAmortization": 1027000000,
        "ebitda": 19878000000,
        "ebitdaratio": 0.30476,
        "operatingIncome": 18385000000,
        "operatingIncomeRatio": 0.28187,
        "totalOtherIncomeExpensesNet": -156000000,
        "incomeBeforeTax": 18540000000,
        "incomeBeforeTaxRatio": 0.284247,
        "incomeTaxExpense": 4527000000,
        "netIncome": 14013000000,
        "netIncomeRatio": 0.214841,
        "eps": 0.54121,
        "epsdiluted": 0.54121,
        "weightedAverageShsOut": 25892000000,
        "weightedAverageShsOutDil": 25892000000,
        "link": "https://www.sec.gov/Archives/edgar/data/320193/000119312510238044/0001193125-10-238044-index.html",
        "finalLink": "https://www.sec.gov/Archives/edgar/data/320193/000119312510238044/d10k.htm"
    },
    {
        "date": "2009-09-26",
        "symbol": "AAPL",
        "fillingDate": "2009-10-27 00:00:00",
        "acceptedDate": "2009-10-27 16:18:29",
        "period": "FY",
        "revenue": 42905000000,
        "costOfRevenue": 25683000000,
        "grossProfit": 17222000000,
        "grossProfitRatio": 0.401398,
        "researchAndDevelopmentExpenses": 1333000000,
        "generalAndAdministrativeExpenses": 4149000000,
        "sellingAndMarketingExpenses": 0.0,
        "otherExpenses": 326000000,
        "operatingExpenses": 5482000000,
        "costAndExpenses": 31165000000,
        "interestExpense": 407000000,
        "depreciationAndAmortization": 734000000,
        "ebitda": 13207000000,
        "ebitdaratio": 0.30782,
        "operatingIncome": 11740000000,
        "operatingIncomeRatio": 0.273628,
        "totalOtherIncomeExpensesNet": -81000000,
        "incomeBeforeTax": 12066000000,
        "incomeBeforeTaxRatio": 0.281226,
        "incomeTaxExpense": 3831000000,
        "netIncome": 8235000000,
        "netIncomeRatio": 0.191936,
        "eps": 0.32426,
        "epsdiluted": 0.32426,
        "weightedAverageShsOut": 25396000000,
        "weightedAverageShsOutDil": 25396000000,
        "link": "https://www.sec.gov/Archives/edgar/data/320193/000119312509214859/0001193125-09-214859-index.html",
        "finalLink": "https://www.sec.gov/Archives/edgar/data/320193/000119312509214859/d10k.htm"
    },
    {
        "date": "2008-09-27",
        "symbol": "AAPL",
        "fillingDate": "2008-11-05 00:00:00",
        "acceptedDate": "2008-11-05 06:16:23",
        "period": "FY",
        "revenue": 32479000000,
        "costOfRevenue": 21334000000,
        "grossProfit": 11145000000,
        "grossProfitRatio": 0.343145,
        "researchAndDevelopmentExpenses": 1109000000,
        "generalAndAdministrativeExpenses": 3761000000,
        "sellingAndMarketingExpenses": 0.0,
        "otherExpenses": 620000000,
        "operatingExpenses": 4870000000,
        "costAndExpenses": 26204000000,
        "interestExpense": 653000000,
        "depreciationAndAmortization": 473000000,
        "ebitda": 8021000000,
        "ebitdaratio": 0.24696,
        "operatingIncome": 6275000000,
        "operatingIncomeRatio": 0.193202,
        "totalOtherIncomeExpensesNet": -33000000,
        "incomeBeforeTax": 6895000000,
        "incomeBeforeTaxRatio": 0.212291,
        "incomeTaxExpense": 2061000000,
        "netIncome": 4834000000,
        "netIncomeRatio": 0.148835,
        "eps": 0.19137,
        "epsdiluted": 0.19137,
        "weightedAverageShsOut": 25260000000,
        "weightedAverageShsOutDil": 25260000000,
        "link": "https://www.sec.gov/Archives/edgar/data/320193/000119312508224958/0001193125-08-224958-index.html",
        "finalLink": "https://www.sec.gov/Archives/edgar/data/320193/000119312508224958/d10k.htm"
    },
    {
        "date": "2007-09-29",
        "symbol": "AAPL",
        "fillingDate": "2007-11-15 00:00:00",
        "acceptedDate": "2007-11-15 16:49:37",
        "period": "FY",
        "revenue": 24006000000,
        "costOfRevenue": 15852000000,
        "grossProfit": 8154000000,
        "grossProfitRatio": 0.339665,
        "researchAndDevelopmentExpenses": 782000000,
        "generalAndAdministrativeExpenses": 2963000000,
        "sellingAndMarketingExpenses": 0.0,
        "otherExpenses": 599000000,
        "operatingExpenses": 3745000000,
        "costAndExpenses": 19597000000,
        "interestExpense": 647000000,
        "depreciationAndAmortization": 317000000,
        "ebitda": 5972000000,
        "ebitdaratio": 0.248771,
        "operatingIncome": 4409000000,
        "operatingIncomeRatio": 0.183662,
        "totalOtherIncomeExpensesNet": -48000000,
        "incomeBeforeTax": 5008000000,
        "incomeBeforeTaxRatio": 0.208615,
        "incomeTaxExpense": 1512000000,
        "netIncome": 3496000000,
        "netIncomeRatio": 0.14563,
        "eps": 0.1404,
        "epsdiluted": 0.1404,
        "weightedAverageShsOut": 24900000000,
        "weightedAverageShsOutDil": 24900000000,
        "link": "https://www.sec.gov/Archives/edgar/data/320193/000104746907009340/0001047469-07-009340-index.html",
        "finalLink": "https://www.sec.gov/Archives/edgar/data/320193/000104746907009340/a2181030z10-k.htm"
    },
    {
        "date": "2006-09-30",
        "symbol": "AAPL",
        "fillingDate": "2006-12-29",
        "acceptedDate": "2006-12-29 06:05:58",
        "period": "FY",
        "revenue": 19315000000,
        "costOfRevenue": 13717000000,
        "grossProfit": 5598000000,
        "grossProfitRatio": 0.2898265596686513,
        "researchAndDevelopmentExpenses": 712000000,
        "generalAndAdministrativeExpenses": 2433000000,
        "sellingAndMarketingExpenses": 0.0,
        "otherExpenses": -29000000,
        "operatingExpenses": 0.0,
        "costAndExpenses": 16862000000,
        "interestExpense": 0.0,
        "depreciationAndAmortization": 0.0,
        "ebitda": 3043000000,
        "ebitdaratio": 0.1575459487444991,
        "operatingIncome": 2453000000,
        "operatingIncomeRatio": 0.14589697126585555,
        "totalOtherIncomeExpensesNet": -29000000,
        "incomeBeforeTax": 2818000000,
        "incomeBeforeTaxRatio": 0.14589697126585555,
        "incomeTaxExpense": 829000000,
        "netIncome": 1989000000,
        "netIncomeRatio": 0.1029769609112089,
        "eps": 0.084286,
        "epsdiluted": 0.081071,
        "weightedAverageShsOut": 23633624000,
        "weightedAverageShsOutDil": 24570728000,
        "link": "https://www.sec.gov/Archives/edgar/data/320193/000110465906084288/a06-25759_210k.htm",
        "finalLink": "https://www.sec.gov/Archives/edgar/data/320193/000110465906084288/a06-25759_210k.htm"
    },
    {
        "date": "2005-09-24",
        "symbol": "AAPL",
        "fillingDate": "2005-12-01",
        "acceptedDate": "2005-11-30 21:22:48",
        "period": "FY",
        "revenue": 13931000000,
        "costOfRevenue": 9888000000,
        "grossProfit": 4043000000,
        "grossProfitRatio": 0.290216,
        "researchAndDevelopmentExpenses": 534000000,
        "generalAndAdministrativeExpenses": 1859000000,
        "sellingAndMarketingExpenses": 0.0,
        "otherExpenses": 165000000,
        "operatingExpenses": 2393000000,
        "costAndExpenses": 12281000000,
        "interestExpense": 183000000,
        "depreciationAndAmortization": 179000000,
        "ebitda": 2177000000,
        "ebitdaratio": 0.15627,
        "operatingIncome": 1650000000,
        "operatingIncomeRatio": 0.118441,
        "totalOtherIncomeExpensesNet": -18000000,
        "incomeBeforeTax": 1815000000,
        "incomeBeforeTaxRatio": 0.130285,
        "incomeTaxExpense": 480000000,
        "netIncome": 1335000000,
        "netIncomeRatio": 0.095829,
        "eps": 0.05565,
        "epsdiluted": 0.05565,
        "weightedAverageShsOut": 23988000000,
        "weightedAverageShsOutDil": 23988000000,
        "link": "https://www.sec.gov/Archives/edgar/data/320193/000110465905058421/a05-20674_110k.htm",
        "finalLink": "https://www.sec.gov/Archives/edgar/data/320193/000110465905058421/a05-20674_110k.htm"
    },
    {
        "date": "2004-09-25",
        "symbol": "AAPL",
        "fillingDate": "2004-12-03",
        "acceptedDate": "2004-12-02 18:05:49",
        "period": "FY",
        "revenue": 8279000000,
        "costOfRevenue": 6020000000,
        "grossProfit": 2259000000,
        "grossProfitRatio": 0.272859,
        "researchAndDevelopmentExpenses": 489000000,
        "generalAndAdministrativeExpenses": 1421000000,
        "sellingAndMarketingExpenses": 0.0,
        "otherExpenses": 23000000,
        "operatingExpenses": 1933000000,
        "costAndExpenses": 7953000000,
        "interestExpense": 66000000,
        "depreciationAndAmortization": 150000000,
        "ebitda": 599000000,
        "ebitdaratio": 0.072352,
        "operatingIncome": 326000000,
        "operatingIncomeRatio": 0.039377,
        "totalOtherIncomeExpensesNet": -9000000.0,
        "incomeBeforeTax": 383000000,
        "incomeBeforeTaxRatio": 0.046262,
        "incomeTaxExpense": 107000000,
        "netIncome": 276000000,
        "netIncomeRatio": 0.033337,
        "eps": 0.01273,
        "epsdiluted": 0.01273,
        "weightedAverageShsOut": 21688000000,
        "weightedAverageShsOutDil": 21688000000,
        "link": "https://www.sec.gov/Archives/edgar/data/320193/000104746904035975/a2147337z10-k.htm",
        "finalLink": "https://www.sec.gov/Archives/edgar/data/320193/000104746904035975/a2147337z10-k.htm"
    },
    {
        "date": "2003-09-27",
        "symbol": "AAPL",
        "fillingDate": "2003-12-19",
        "acceptedDate": "2003-12-19 17:25:45",
        "period": "FY",
        "revenue": 6207000000,
        "costOfRevenue": 4499000000,
        "grossProfit": 1708000000,
        "grossProfitRatio": 0.275173,
        "researchAndDevelopmentExpenses": 471000000,
        "generalAndAdministrativeExpenses": 1212000000,
        "sellingAndMarketingExpenses": 0.0,
        "otherExpenses": 26000000,
        "operatingExpenses": 1709000000,
        "costAndExpenses": 6208000000,
        "interestExpense": 92000000,
        "depreciationAndAmortization": 113000000,
        "ebitda": 298000000,
        "ebitdaratio": 0.04801,
        "operatingIncome": -1000000.0,
        "operatingIncomeRatio": -0.000161,
        "totalOtherIncomeExpensesNet": 1000000.0,
        "incomeBeforeTax": 92000000,
        "incomeBeforeTaxRatio": 0.014822,
        "incomeTaxExpense": 24000000,
        "netIncome": 69000000,
        "netIncomeRatio": 0.011116,
        "eps": 0.00339,
        "epsdiluted": 0.00339,
        "weightedAverageShsOut": 20356000000,
        "weightedAverageShsOutDil": 20356000000,
        "link": "https://www.sec.gov/Archives/edgar/data/320193/000104746903041604/a2124888z10-k.htm",
        "finalLink": "https://www.sec.gov/Archives/edgar/data/320193/000104746903041604/a2124888z10-k.htm"
    },
    {
        "date": "2002-09-28",
        "symbol": "AAPL",
        "fillingDate": "2002-12-19 00:00:00",
        "acceptedDate": "2002-12-19 17:20:21",
        "period": "FY",
        "revenue": 5742000000,
        "costOfRevenue": 4139000000,
        "grossProfit": 1603000000,
        "grossProfitRatio": 0.279171,
        "researchAndDevelopmentExpenses": 446000000,
        "generalAndAdministrativeExpenses": 1109000000,
        "sellingAndMarketingExpenses": 0.0,
        "otherExpenses": 29000000,
        "operatingExpenses": 1586000000,
        "costAndExpenses": 5725000000,
        "interestExpense": 65000000,
        "depreciationAndAmortization": 114000000,
        "ebitda": 266000000,
        "ebitdaratio": 0.046325,
        "operatingIncome": 17000000,
        "operatingIncomeRatio": 0.002961,
        "totalOtherIncomeExpensesNet": 5000000.0,
        "incomeBeforeTax": 87000000,
        "incomeBeforeTaxRatio": 0.015152,
        "incomeTaxExpense": 22000000,
        "netIncome": 65000000,
        "netIncomeRatio": 0.01132,
        "eps": 0.00321,
        "epsdiluted": 0.00321,
        "weightedAverageShsOut": 20260000000,
        "weightedAverageShsOutDil": 20260000000,
        "link": "https://www.sec.gov/Archives/edgar/data/320193/000104746902007674/0001047469-02-007674-index.html",
        "finalLink": "https://www.sec.gov/Archives/edgar/data/320193/000104746902007674/a2096490z10-k.htm"
    },
    {
        "date": "2001-09-29",
        "symbol": "AAPL",
        "fillingDate": "2001-12-21",
        "acceptedDate": "2001-12-21 00:00:00",
        "period": "FY",
        "revenue": 5363000000,
        "costOfRevenue": 4128000000,
        "grossProfit": 1235000000,
        "grossProfitRatio": 0.230282,
        "researchAndDevelopmentExpenses": 430000000,
        "generalAndAdministrativeExpenses": 1138000000,
        "sellingAndMarketingExpenses": 0.0,
        "otherExpenses": 11000000,
        "operatingExpenses": 1579000000,
        "costAndExpenses": 5707000000,
        "interestExpense": 277000000,
        "depreciationAndAmortization": 100000000,
        "ebitda": 337000000,
        "ebitdaratio": 0.062838,
        "operatingIncome": -344000000,
        "operatingIncomeRatio": -0.064143,
        "totalOtherIncomeExpensesNet": 15000000,
        "incomeBeforeTax": -52000000,
        "incomeBeforeTaxRatio": -0.009696,
        "incomeTaxExpense": -15000000,
        "netIncome": -25000000,
        "netIncomeRatio": -0.004662,
        "eps": -0.00129,
        "epsdiluted": -0.00129,
        "weightedAverageShsOut": 19356000000,
        "weightedAverageShsOutDil": 19356000000,
        "link": "https://www.sec.gov/Archives/edgar/data/320193/000091205701544436/a2066171z10-k405.htm",
        "finalLink": "https://www.sec.gov/Archives/edgar/data/320193/000091205701544436/a2066171z10-k405.htm"
    },
    {
        "date": "2000-09-30",
        "symbol": "AAPL",
        "fillingDate": "2000-12-14 00:00:00",
        "acceptedDate": "2000-12-14 00:00:00",
        "period": "FY",
        "revenue": 7983000000,
        "costOfRevenue": 5817000000,
        "grossProfit": 2166000000,
        "grossProfitRatio": 0.27132656895903795,
        "researchAndDevelopmentExpenses": 380000000,
        "generalAndAdministrativeExpenses": 1166000000,
        "sellingAndMarketingExpenses": 0.0,
        "otherExpenses": 6000000.0,
        "operatingExpenses": 98000000,
        "costAndExpenses": 7363000000,
        "interestExpense": 21000000,
        "depreciationAndAmortization": 0.0,
        "ebitda": 920000000,
        "ebitdaratio": 0.11524489540273081,
        "operatingIncome": 620000000,
        "operatingIncomeRatio": 0.13679068019541527,
        "totalOtherIncomeExpensesNet": 283000000,
        "incomeBeforeTax": 1092000000,
        "incomeBeforeTaxRatio": 0.13679068019541527,
        "incomeTaxExpense": 306000000,
        "netIncome": 786000000,
        "netIncomeRatio": 0.09845922585494175,
        "eps": 0.043214,
        "epsdiluted": 0.038929,
        "weightedAverageShsOut": 18175808000,
        "weightedAverageShsOutDil": 20178144000,
        "link": "https://www.sec.gov/Archives/edgar/data/320193/000091205700053623/0000912057-00-053623-index.html",
        "finalLink": "https://www.sec.gov/Archives/edgar/data/320193/000091205700053623/a2032880z10-k.txt"
    },
    {
        "date": "1999-09-25",
        "symbol": "AAPL",
        "fillingDate": "1999-12-22 00:00:00",
        "acceptedDate": "1999-12-22 00:00:00",
        "period": "FY",
        "revenue": 6134000000,
        "costOfRevenue": 4438000000,
        "grossProfit": 1696000000,
        "grossProfitRatio": 0.276492,
        "researchAndDevelopmentExpenses": 314000000,
        "generalAndAdministrativeExpenses": 996000000,
        "sellingAndMarketingExpenses": 0.0,
        "otherExpenses": 0.0,
        "operatingExpenses": 1337000000,
        "costAndExpenses": 5775000000,
        "interestExpense": 327000000,
        "depreciationAndAmortization": 85000000,
        "ebitda": 1088000000,
        "ebitdaratio": 0.177372,
        "operatingIncome": 359000000,
        "operatingIncomeRatio": 0.058526,
        "totalOtherIncomeExpensesNet": -10000000,
        "incomeBeforeTax": 676000000,
        "incomeBeforeTaxRatio": 0.110205,
        "incomeTaxExpense": 75000000,
        "netIncome": 601000000,
        "netIncomeRatio": 0.097978,
        "eps": 0.03081,
        "epsdiluted": 0.03081,
        "weightedAverageShsOut": 19508000000,
        "weightedAverageShsOutDil": 19508000000,
        "link": "https://www.sec.gov/Archives/edgar/data/320193/000091205799010244/0000912057-99-010244-index.html",
        "finalLink": "https://www.sec.gov/Archives/edgar/data/320193/0000912057-99-010244.txt"
    },
    {
        "date": "1998-09-25",
        "symbol": "AAPL",
        "fillingDate": null,
        "acceptedDate": null,
        "period": "FY",
        "revenue": 5941000000,
        "costOfRevenue": 4462000000,
        "grossProfit": 1479000000,
        "grossProfitRatio": 0.248948,
        "researchAndDevelopmentExpenses": 303000000,
        "generalAndAdministrativeExpenses": 908000000,
        "sellingAndMarketingExpenses": 0.0,
        "otherExpenses": 0.0,
        "operatingExpenses": 1218000000,
        "costAndExpenses": 5680000000,
        "interestExpense": 78000000,
        "depreciationAndAmortization": 111000000,
        "ebitda": 518000000,
        "ebitdaratio": 0.087191,
        "operatingIncome": 261000000,
        "operatingIncomeRatio": 0.043932,
        "totalOtherIncomeExpensesNet": -10000000,
        "incomeBeforeTax": 329000000,
        "incomeBeforeTaxRatio": 0.055378,
        "incomeTaxExpense": 20000000,
        "netIncome": 309000000,
        "netIncomeRatio": 0.052011,
        "eps": 0.01643,
        "epsdiluted": 0.01643,
        "weightedAverageShsOut": 18808000000,
        "weightedAverageShsOutDil": 18808000000,
        "link": null,
        "finalLink": null
    },
    {
        "date": "1997-09-26",
        "symbol": "AAPL",
        "fillingDate": "1997-12-05 00:00:00",
        "acceptedDate": "1997-12-05 00:00:00",
        "period": "FY",
        "revenue": 7081000000,
        "costOfRevenue": 5713000000,
        "grossProfit": 1368000000,
        "grossProfitRatio": 0.193193,
        "researchAndDevelopmentExpenses": 485000000,
        "generalAndAdministrativeExpenses": 1286000000,
        "sellingAndMarketingExpenses": 0.0,
        "otherExpenses": 0.0,
        "operatingExpenses": 2438000000,
        "costAndExpenses": 8151000000,
        "interestExpense": 11000000,
        "depreciationAndAmortization": 118000000,
        "ebitda": -916000000,
        "ebitdaratio": -0.12936,
        "operatingIncome": -1070000000,
        "operatingIncomeRatio": -0.151109,
        "totalOtherIncomeExpensesNet": 14000000,
        "incomeBeforeTax": -1045000000,
        "incomeBeforeTaxRatio": -0.147578,
        "incomeTaxExpense": 0.0,
        "netIncome": -1045000000,
        "netIncomeRatio": -0.147578,
        "eps": -0.07401,
        "epsdiluted": -0.07401,
        "weightedAverageShsOut": 14120000000,
        "weightedAverageShsOutDil": 14120000000,
        "link": "https://www.sec.gov/Archives/edgar/data/320193/000104746997006960/0001047469-97-006960-index.html",
        "finalLink": "https://www.sec.gov/Archives/edgar/data/320193/0001047469-97-006960.txt"
    },
    {
        "date": "1996-09-27",
        "symbol": "AAPL",
        "fillingDate": "1996-12-19 00:00:00",
        "acceptedDate": "1996-12-19 00:00:00",
        "period": "FY",
        "revenue": 9833000000,
        "costOfRevenue": 8865000000,
        "grossProfit": 968000000,
        "grossProfitRatio": 0.098444,
        "researchAndDevelopmentExpenses": 604000000,
        "generalAndAdministrativeExpenses": 1568000000,
        "sellingAndMarketingExpenses": 0.0,
        "otherExpenses": 0.0,
        "operatingExpenses": 2351000000,
        "costAndExpenses": 11216000000,
        "interestExpense": 0.0,
        "depreciationAndAmortization": 156000000,
        "ebitda": -1139000000,
        "ebitdaratio": -0.115834,
        "operatingIncome": -1383000000,
        "operatingIncomeRatio": -0.140649,
        "totalOtherIncomeExpensesNet": 88000000,
        "incomeBeforeTax": -1295000000,
        "incomeBeforeTaxRatio": -0.131699,
        "incomeTaxExpense": -479000000,
        "netIncome": -816000000,
        "netIncomeRatio": -0.082986,
        "eps": -0.05887,
        "epsdiluted": -0.05887,
        "weightedAverageShsOut": 13860000000,
        "weightedAverageShsOutDil": 13860000000,
        "link": "https://www.sec.gov/Archives/edgar/data/320193/000032019396000023/0000320193-96-000023-index.html",
        "finalLink": "https://www.sec.gov/Archives/edgar/data/320193/0000320193-96-000023.txt"
    },
    {
        "date": "1995-09-29",
        "symbol": "AAPL",
        "fillingDate": "1995-12-19 00:00:00",
        "acceptedDate": "1995-12-19 00:00:00",
        "period": "FY",
        "revenue": 11062000000,
        "costOfRevenue": 8204000000,
        "grossProfit": 2858000000,
        "grossProfitRatio": 0.258362,
        "researchAndDevelopmentExpenses": 614000000,
        "generalAndAdministrativeExpenses": 1583000000,
        "sellingAndMarketingExpenses": 0.0,
        "otherExpenses": 0.0,
        "operatingExpenses": 2174000000,
        "costAndExpenses": 10378000000,
        "interestExpense": 52000000,
        "depreciationAndAmortization": 127000000,
        "ebitda": 853000000,
        "ebitdaratio": 0.077111,
        "operatingIncome": 684000000,
        "operatingIncomeRatio": 0.061833,
        "totalOtherIncomeExpensesNet": -62000000,
        "incomeBeforeTax": 674000000,
        "incomeBeforeTaxRatio": 0.060929,
        "incomeTaxExpense": 250000000,
        "netIncome": 424000000,
        "netIncomeRatio": 0.038329,
        "eps": 0.03077,
        "epsdiluted": 0.03077,
        "weightedAverageShsOut": 13780000000,
        "weightedAverageShsOutDil": 13780000000,
        "link": "https://www.sec.gov/Archives/edgar/data/320193/000032019395000016/0000320193-95-000016-index.html",
        "finalLink": "https://www.sec.gov/Archives/edgar/data/320193/0000320193-95-000016.txt"
    },
    {
        "date": "1994-09-30",
        "symbol": "AAPL",
        "fillingDate": "1994-12-13 00:00:00",
        "acceptedDate": "1994-12-13 00:00:00",
        "period": "FY",
        "revenue": 9188748000,
        "costOfRevenue": 6844915000,
        "grossProfit": 2343833000,
        "grossProfitRatio": 0.25507642608111575,
        "researchAndDevelopmentExpenses": 564303000,
        "generalAndAdministrativeExpenses": 1384111000,
        "sellingAndMarketingExpenses": 0.0,
        "otherExpenses": 8685000.0,
        "operatingExpenses": 0.0,
        "costAndExpenses": 8793329000,
        "interestExpense": 39653000,
        "depreciationAndAmortization": 0.0,
        "ebitda": 615346000,
        "ebitdaratio": 0.06696733874952279,
        "operatingIncome": 395419000,
        "operatingIncomeRatio": 0.05444550225993792,
        "totalOtherIncomeExpensesNet": 101236000,
        "incomeBeforeTax": 500286000,
        "incomeBeforeTaxRatio": 0.05444550225993792,
        "incomeTaxExpense": 190108000,
        "netIncome": 310178000,
        "netIncomeRatio": 0.03375628540471455,
        "eps": 0.023304,
        "epsdiluted": 0.023304,
        "weightedAverageShsOut": 13298320000,
        "weightedAverageShsOutDil": 13306720000,
        "link": "https://www.sec.gov/Archives/edgar/data/320193/000032019394000016/0000320193-94-000016-index.html",
        "finalLink": "https://www.sec.gov/Archives/edgar/data/320193/0000320193-94-000016.txt"
    }
]